
@article{{Larrañaga1999},
author = {Larranaga, Pedro and Kuijpers, Cindy and Murga, R. and Inza, I. and Dizdarevic, S.},
year = {1999},
month = {01},
pages = {129-170},
title = {Genetic Algorithms for the Travelling Salesman Problem: A Review of Representations and Operators},
volume = {13},
journal = {Artificial Intelligence Review},
doi = {10.1023/A:1006529012972}
}

@misc{Belanche2024,
  author        = {Belanche, Lluís A.},
  title         = {Lecture slides in Computational Intelligence: Introduction to Genetic Algorithms},
  year          = {2024},
  publisher     = {Universitat Politècnica de Catalunya}
}